2956 5340
691 765 851 836 146·

158 953 203 1025 V.
224 953 300 1026 484.
328 946 421 1023 1136.
455 951 515 1021 Ax.
539 952 591 1026 69.
613 952 688 1026 996.
718 957 780 1026 Tb.
809 953 883 1026 172.
917 953 1062 1024 Ρ1395.
1083 955 1158 1029 458.
1182 956 1288 1046 1176).

157 1057 295 1124 Restant
321 1052 344 1123 2
373 1056 437 1122 loci
467 1058 583 1144 quibus
611 1059 751 1125 formula
778 1056 863 1147 πρὸς
889 1060 983 1148 (τῶν)
1009 1062 1097 1127 θεῶν
1125 1070 1234 1127 exstat
1255 1065 1289 1127 in

158 1160 334 1226 enuntiatis
363 1158 645 1244 affirmativis,
672 1184 810 1249 quorum
834 1171 943 1253 tamen
970 1163 1073 1229 altero
1099 1163 1288 1249 frg.146:

157 1259 245 1344 πρὸς
265 1260 355 1327 θεῶν
377 1260 494 1346 ἔραμαι
510 1269 633 1346 τέττιγα
652 1273 768 1347 φαγεῖν
789 1266 847 1330 Ar.
860 1266 986 1330 deridet
1002 1266 1081 1334 Eur.
1095 1268 1195 1353 Hipp.
1206 1263 1287 1334 219:

156 1361 244 1449 πρὸς
256 1362 346 1428 θεῶν
360 1360 475 1448 ἔραμαι
495 1366 569 1431 τισὶ
590 1362 716 1442 θωΰξαι
737 1373 889 1446 (ceterum
904 1367 968 1430 hac
981 1367 1198 1433 affirmatione
1216 1392 1286 1435 vo·

155 1463 326 1549 luntas,
349 1465 618 1532 desiderium
643 1466 842 1551 declaratur,
861 1478 897 1535 ut
914 1463 1001 1556 πρὸς
1021 1472 1109 1536 θεῶν
1130 1471 1186 1535 hic
1208 1494 1286 1559 quo-

156 1589 221 1654 quc
247 1568 291 1633 sit
317 1566 619 1654 postulantis),
654 1569 755 1634 altero
785 1569 857 1635 loeo
882 1570 920 1638 L.
941 1567 1022 1637 857
1049 1592 1162 1638 omnes
1191 1573 1284 1641 codd.

155 1669 330 1756 praebent:
353 1664 505 1755 (ἀεὶ-ἦ
525 1669 602 1755 γυνή
625 1664 656 1736 α’
667 1668 734 1750 ἔχει
755 1669 809 1737 διὰ
830 1670 953 1755 στόμα.
973 1667 1033 1738 κᾶν
1054 1667 1122 1760 ᾠὸν
1141 1669 1162 1762 ἢ
1182 1676 1286 1760 μῆλον

153 1768 254 1860 λάβῃ,
284 1775 424 1858 Κινησίᾳ
449 1772 541 1837 souti
563 1778 703 1856 γένοιτο,
733 1773 858 1860 φησίν).
881 1813 924 1822 -
951 1769 1082 1861 ὦπρὸς
1103 1775 1166 1842 τῶν
1186 1777 1284 1847 θεῶν.

154 1912 196 1924 -
219 1882 256 1938 ut
281 1875 323 1939 sit
352 1872 545 1938 exclamatio
567 1875 779 1942 mirantis:
809 1883 843 1940 at
869 1876 933 1940 hoc
961 1877 1128 1942 intellectu
1151 1877 1207 1946 Ar.
1229 1888 1285 1943 aut

153 1976 196 2063 νή
219 1998 245 2044 o.
264 1997 330 2045 acc.
351 1984 487 2061 usurpat
508 1973 565 2064 (of.
587 1998 616 2041 e.
639 1998 667 2046 c.
690 1976 729 2046 L.
744 1973 823 2047 836:
842 1970 869 2042 d
887 1974 928 2065 νὴ
947 1983 1020 2046 Δία.
1042 1978 1082 2048 Ε.
1097 1975 1174 2049 1602
1195 1972 1283 2066 ciui]

151 2077 210 2145 τὸν
232 2073 396 2162 Ἀπόλλω)
418 2085 475 2142 aut
495 2078 697 2150 vocativum:
727 2079 767 2148 ci.
780 2079 831 2149 Pl.
845 2076 924 2147 734:
946 2070 973 2144 oi
996 2082 1086 2166 φιλσι
1104 2081 1185 2147 θεοί
1201 2081 1285 2168 („est

153 2202 223 2247 vox
250 2181 440 2247 admirantis
473 2179 531 2245 sed
560 2179 657 2245 simul
687 2183 843 2267 sperantis
872 2181 995 2246 bonum
1024 2190 1056 2246 et
1084 2183 1203 2248 laetum
1235 2185 1283 2251 rei

153 2285 296 2350 exitum“
324 2281 496 2364 Fischer.),
522 2303 588 2368 qua
615 2305 636 2347 a
662 2282 894 2348 consuetudine
921 2304 980 2347 cur
1010 2282 1043 2347 h.
1064 2284 1085 2352 l.
1116 2289 1284 2351 recesserit

152 2386 295 2452 numeris
317 2375 358 2471 (ol
372 2386 462 2470 φίλαι
478 2388 556 2450 θεοί
566 2405 633 2450 nou
646 2384 888 2472 respuentibus)
912 2406 978 2449 non
999 2394 1130 2451 coactus
1151 2410 1283 2474 prorsus

151 2509 219 2554 non
240 2487 440 2572 intelligitur.
483 2486 597 2573 Itaque
626 2485 815 2552 exclamatio
845 2486 905 2551 illa
934 2479 961 2551 ὦ
986 2486 1072 2572 πρὸς
1099 2491 1166 2554 τῶν
1194 2489 1283 2555 θεῶν

152 2591 369 2677 suspicionem
392 2598 507 2655 movet
550 2587 693 2653 Omnino
716 2598 823 2654 autem
845 2589 876 2659 h.
902 2589 925 2654 l.
945 2611 1012 2656 non
1036 2591 1281 2657 exclamatio

152 2701 369 2779 exspectatur,
389 2690 447 2756 sed
463 2692 572 2777 potius
594 2691 877 2776 interrogatio:
900 2694 1043 2779 sequitur
1057 2694 1143 2757 enim
1158 2689 1280 2760 v.858:

150 2791 192 2882 νὴ
212 2790 271 2882 τὴν
291 2787 501 2880 Ἀφροδίτην,
523 2791 611 2879 quod
632 2801 680 2857 est
701 2794 989 2880 respondentis
1011 2794 1067 2879 (cf.
1083 2794 1133 2862 Pl
1147 2791 1212 2862 395
1232 2816 1280 2881 sq.

150 2897 251 2980 λέγεις
267 2891 394 2984 ἄλη9ῆ;
414 2933 456 2944 -
478 2899 570 2981 φημί.
597 2931 639 2942 -
661 2892 748 2980 πρὸς
768 2894 824 2981 τῆς
841 2890 981 2978 Ἐστίσςς
1004 2934 1042 2944 -
1072 2893 1112 2982 νὴ
1133 2895 1193 2962 τὸν
1215 2901 1282 2962 Ilo

151 2997 275 3084 σειδῶ).
310 3000 423 3086 ltaque
445 2996 612 3062 manifesto
636 3018 708 3063 cum
728 2998 1054 3083 interrogatione
1075 2998 1280 3064 scribendum

149 3110 200 3167 est
221 3091 247 3165 ai
269 3099 356 3186 πρὸς
373 3102 438 3166 τῶν
458 3100 565 3184 decim
590 3100 670 3184 ,oh,
693 3121 750 3184 per
770 3099 880 3182 deos“,
900 3120 945 3169 so.
970 3121 1066 3185 „vera
1087 3100 1210 3166 dicis?“
1231 3100 1281 3187 (ut

148 3203 190 3270 V.
213 3200 285 3273 484.
312 3197 573 3272 Ρ1.458.1176.
603 3200 732 3270 Alexid.
754 3201 812 3269 Ill.
835 3199 912 3284 4183
942 3189 1047 3288 cipro
1071 3197 1099 3267 ὤ
1123 3201 1282 3289 praebent

149 3313 232 3372 teste
253 3305 384 3390 liugero
406 3304 490 3390 Aug.
505 3311 536 3369 et
555 3302 677 3389 lunt),
702 3305 891 3390 praesertim
912 3324 1012 3390 quum
1033 3305 1210 3390 antiquitus
1234 3302 1281 3368 di·

149 3416 233 3473 serte
254 3405 406 3472 traditum
428 3407 470 3472 sit
490 3405 556 3471 illis
571 3406 680 3471 verbis
701 3407 859 3471 contineri
882 3407 1180 3490 interrogationem.
1214 3405 1280 3468 Ad·

149 3509 278 3596 scripsit
298 3510 383 3574 enim
406 3507 505 3576 schol.
533 3505 569 3574 ἐν
592 3503 748 3594 ἐρωτήσει
774 3508 828 3587 (of.
850 3507 950 3576 schol.
974 3506 1015 3576 N.
1035 3502 1109 3576 207.
1133 3503 1206 3575 680.
1239 3506 1280 3575 V.
1345 3488 1353 3509 '

148 3607 222 3681 302.
249 3611 285 3678 Ρ.
308 3606 338 3678 5.
368 3611 408 3680 R.
430 3606 503 3675 840.
531 3604 624 3676 1308.
656 3609 696 3677 E.
718 3606 791 3679 440.
826 3603 894 3676 κατ’
918 3606 1074 3695 ἐρώτησιν
1100 3610 1183 3674 Aah.
1203 3604 1279 3677 562.

148 3707 358 3781 1063.1113.
386 3711 426 3780 N.
447 3707 522 3780 207.
550 3706 644 3778 1423.
672 3710 708 3779 P.
735 3706 809 3778 371.
838 3711 901 3778 Av.
923 3707 1017 3778 1628.
1046 3710 1084 3780 L.
1107 3706 1182 3780 821.
1203 3705 1278 3777 930.

147 3809 220 3883 998.
251 3810 344 3884 1180.
374 3814 415 3885 R.
440 3810 514 3883 487.
541 3809 615 3883 522.
645 3811 736 3883 1150.
771 3811 841 3898 μετ’
861 3809 1064 3900 ἐρωτήσεωςι
1098 3814 1179 3881 Ach.
1201 3809 1278 3882 559.

147 3915 387 4005 ἒρωτημστικῶς
408 3916 450 3988 Ν.
469 3913 542 3984 905.
562 3910 658 3987 1223,
688 3915 749 3981 Av.
771 3914 823 3983 10.
848 3915 888 3980 L.
907 3910 982 3985 237.
1011 3913 1048 3982 Ε.
1069 3911 1162 3996 667),
1189 3914 1279 4001 quod

146 4029 255 4088 tamen
277 4041 354 4086 casu
376 4042 396 4085 a
417 4043 447 4088 v.
469 4013 534 4085 857
557 4017 700 4084 delatum
727 4027 775 4083 est
803 4018 845 4083 ad
867 4040 899 4082 v.
920 4012 1001 4100 861,
1032 4015 1090 4083 ubi
1118 4037 1201 4104 quae
1233 4016 1279 4081 le·

146 4132 266 4210 grmtur
293 4128 326 4188 τί
353 4112 426 4206 οὖν,
455 4118 567 4194 δώσεις
598 4125 631 4187 τί
652 4142 724 4204 μοι;
758 4129 824 4185 tam
853 4119 1024 4185 manifesto
1047 4127 1124 4184 sunt
1144 4120 1279 4184 interro·

146 4228 268 4311 gantis,
295 4233 330 4291 ut
355 4223 398 4289 ud
426 4224 457 4292 h.
480 4222 610 4310 quidem
631 4245 663 4292 v,
685 4223 848 4288 adnotatio
870 4221 927 4286 illa
948 4221 1038 4288 nullo
1060 4221 1156 4287 modo
1175 4223 1279 4308 possit

145 4330 319 4415 pertinere.
362 4325 460 4390 Haud
483 4347 557 4391 raro
580 4334 686 4391 autem
716 4324 839 4391 scholia
862 4323 905 4389 ad
931 4324 1049 4390 falsum
1071 4346 1200 4389 versum
1222 4345 1278 4411 ap·

146 4432 251 4517 posita
279 4438 354 4496 sunt
376 4427 541 4515 (lemmata
564 4429 651 4492 enim
683 4429 716 4493 in
739 4427 867 4513 optimis
889 4426 978 4491 libris
1005 4426 1118 4514 quales
1141 4434 1215 4492 sunt
1238 4425 1277 4494 R.

146 4541 178 4600 et
200 4533 283 4603 Ven.
306 4532 409 4598 omitti
432 4529 552 4602 solent:
573 4530 611 4598 ef.
634 4531 752 4616 Enger.
772 4529 815 4595 ad
835 4528 874 4597 L.
895 4523 990 4615 338J:
1013 4550 1041 4597 e.
1060 4550 1088 4598 c.
1110 4528 1213 4597 schol.
1236 4528 1279 4600 L.

145 4630 226 4703 236:
249 4631 488 4722 ἒρωτημστικῶς
507 4633 589 4717 λέγει
609 4635 749 4720 pertinet
769 4632 813 4699 ad
835 4627 899 4698 237
922 4623 1161 4716 (συνεπόμνυθ’
1181 4625 1280 4716 ὗμεῖς

145 4739 245 4807 ταῦτα
266 4739 373 4806 πᾶσαι
380 4745 419 4824 3),
442 4734 543 4805 schol.
557 4731 622 4805 460
641 4735 683 4802 ad
703 4732 765 4804 461
776 4782 786 4821 ,
809 4733 907 4804 schol.
920 4730 985 4802 806
1006 4733 1049 4801 ad
1069 4729 1152 4819 805,
1174 4732 1279 4805 schol.
