2956 5340
419 1799 671 1895 A'ddenda
701 1811 750 1882 et
781 1777 1140 1930 Corrigenda.

571 1948 718 2035 (Numeri
739 1946 885 2012 indicant
909 1949 977 2033 aa.)

163 2105 179 2156 1
289 2125 321 2186 p.
344 2097 380 2168 5:
404 2095 492 2167 εἶτα
513 2109 587 2187 post
608 2110 690 2186 part.
715 2099 806 2164 vides
830 2102 926 2164 etiam
950 2100 991 2168 V.
1004 2095 1085 2181 423,
1109 2094 1253 2166 iactae
1274 2099 1337 2167 AV.

199 2197 271 2270 518.
295 2202 333 2270 Ε.
354 2198 428 2272 298.
451 2199 525 2268 467.
549 2203 598 2270 Pl.
624 2199 697 2270 271.
1131 2247 1133 2252 -

166 2312 183 2364 2
273 2312 325 2390 p.
345 2301 366 2370 6
388 2327 472 2391 sqq.
498 2305 593 2373 Ach.
609 2301 703 2371 412:
724 2303 825 2368 verba
845 2303 963 2368 tradita
985 2301 1065 2388 ἀτὰρ
1087 2308 1120 2369 τί
1140 2300 1180 2369 τὰ
1203 2298 1284 2387 ῥάκι’
1304 2299 1339 2367 ἐκ

39 2414 43 2421 “
207 2408 381 2492 τραγῳδίας
402 2403 500 2485 ἔχεις,
533 2428 571 2471 ea
601 2425 739 2493 quoque·
760 2405 801 2468 dc
833 2426 933 2469 causa
961 2407 1175 2491 suspicionem
1197 2412 1338 2476 movent,

210 2507 297 2594 quod
330 2529 429 2594 quum
458 2530 553 2573 voces
575 2506 764 2592 trisyllabae
789 2528 873 2592 quae
901 2507 1101 2570 tribrachum
1128 2515 1269 2592 aequant
1290 2504 1339 2568 ul·

209 2611 287 2674 tima
309 2608 390 2672 elisa
419 2608 605 2694 frequenter
633 2607 831 2672 collocentur
859 2609 892 2671 in
916 2608 998 2671 thesi
1027 2610 1232 2693 anapaestico
1254 2605 1284 2672 1.
1307 2603 1338 2674 2.

209 2707 240 2776 4.
251 2707 342 2795 pedis
365 2709 468 2791 (velut
489 2704 583 2775 ὁπότ’
597 2706 710 2795 οὔσης,
734 2704 844 2792 πάριτ’
856 2707 916 2788 εἰς,
938 2705 1051 2792 πατέρ’
1066 2704 1232 2793 ἠντεβόλει
1252 2711 1339 2777 sim:

94 2835 97 2841 ·
205 2810 286 2875 Ach.
310 2807 361 2878 19.
384 2807 531 2879 43147.
556 2805 650 2877 1063.
674 2806 768 2878 1177.
792 2810 854 2895 aq.
877 2807 929 2876 98.
953 2807 1024 2876 152.
1047 2805 1108 2875 211
1133 2810 1208 2892 al),
1230 2820 1339 2874 tamen

210 2915 245 2976 in
266 2910 297 2979 5.
312 2912 396 2998 pede
417 2913 512 2999 hujus
532 2912 673 2977 elisionis
697 2911 824 2975 nullum
847 2920 954 2975 exstat
974 2911 1061 2996 apud
1074 2915 1129 2980 Ar.
1145 2912 1340 2997 exemplum,

211 3016 245 3077 in
268 3009 297 3081 3.
317 3011 402 3099 pede
423 3013 501 3079 duo
525 3024 667 3078 tantum:
698 3012 792 3080 Ach.
816 3011 889 3078 412
914 3020 945 3075 et
968 3012 1003 3080 P.
1029 3008 1105 3078 185:
1136 3018 1170 3078 τί
1192 3017 1247 3079 σοι’
1265 3007 1340 3078 ποτ’

212 3106 276 3180 ἐστ’
291 3111 400 3196 ὄνομ’,
430 3111 486 3179 οὐκ
508 3113 604 3199 ἐρεῖς,
628 3152 670 3161 -
690 3113 890 3197 μιαρώτατος
914 3120 1001 3193 (cum
1024 3114 1282 3200 interpunctione
1305 3115 1340 3177 in

213 3215 340 3302 syllaba
361 3210 470 3306 elisa),
494 3216 551 3281 ubi
566 3215 747 3282 Bernhardi
769 3215 809 3280 de
833 3216 924 3279 ineis.
940 3237 1036 3301 anap.
1052 3217 1165 3280 comici
1184 3218 1258 3300 (act.
1275 3239 1340 3280 soc.

212 3317 290 3404 phil.
312 3317 401 3403 Lips.
425 3319 464 3400 l.)
494 3343 527 3406 p.
549 3314 628 3396 284,
661 3339 762 3405 quum
789 3317 869 3381 Ach.
891 3315 955 3382 412
983 3318 1138 3382 intactum
1168 3317 1341 3404 reliquerit,

214 3428 301 3484 recte
323 3419 476 3505 probavit
497 3419 619 3490 emend.
644 3417 746 3485 Bentl.
772 3424 808 3484 τί
823 3411 899 3484 ποτ’
920 3415 987 3484 ἐστὶ
1009 3416 1154 3504 τοῦνομ’,

300 3544 331 3607 p.
355 3519 390 3589 6:
413 3515 499 3587 εἶτα
522 3544 620 3608 quum
643 3518 664 3587 3
685 3530 780 3606 partt.
803 3520 992 3585 antecedant
1015 3521 1102 3606 apud
1124 3519 1153 3590 4.
1169 3522 1259 3586 vides
1280 3524 1341 3609 Eq.

214 3618 287 3690 263.
320 3623 397 3690 Acc.
417 3623 602 3688 absolutum
623 3623 787 3708 προσῆκον
810 3623 925 3706 (Kriig.
942 3620 968 3691 l.
992 3618 1044 3691 56.
1065 3617 1095 3690 9.
1119 3647 1151 3692 n.
1165 3621 1199 3706 5)
1222 3627 1343 3712 excipit

216 3719 301 3792 εἶτα
321 3724 371 3794 Pl.
393 3719 466 3792 910.

6 3858 9 3863 ·
52 3880 55 3885 .
176 3845 193 3898 3
302 3823 453 3912 p.8sq.
489 3825 582 3893 Ach.
605 3822 695 3895 505:
719 3825 760 3896 cf.
784 3825 823 3893 P.
843 3820 924 3892 297:
954 3811 1140 3909 ὦμέταικοι
1162 3831 1214 3894 καὶ
1235 3833 1363 3906 ξένοι.

210 3929 263 3993 καὶ
285 3928 479 4015 νησιῶται
498 3957 539 3982 --
562 3925 727 4013 inquilini,
750 3928 973 4013 peregrini,
997 3930 1107 3992 socii.

178 4043 195 4095 6
303 4053 335 4115 p.
352 4027 408 4098 11.
441 4030 509 4116 Eq.
528 4025 603 4095 667
625 4052 711 4115 sqq.:
734 4030 903 4094 transitum
926 4031 982 4115 qui
1004 4030 1040 4094 fit
1056 4052 1097 4094 ex
1118 4034 1261 4097 oratione
1280 4035 1346 4103 obl.

220 4134 253 4195 in
283 4154 328 4199 or.
351 4139 473 4197 rectam
501 4131 655 4196 indicavit
676 4135 733 4199 Ar.
757 4131 875 4195 additis
896 4131 1004 4196 verbis
1026 4118 1046 4218 ἦ
1067 4127 1096 4196 δ’
1121 4126 1139 4197 i·
1146 4156 1161 4206 ς
1184 4135 1281 4216 γελῶν
1304 4135 1345 4200 V.

219 4231 299 4316 795,
334 4255 493 4320 nusquam
522 4243 631 4320 tamen
659 4233 797 4320 simplici
825 4233 1075 4318 part-layas,
1107 4235 1193 4320 quod
1222 4236 1346 4321 Bergk.

219 4336 326 4404 Kock.
349 4333 447 4402 Mein.
469 4335 663 4420 scripserunt
683 4334 744 4420 Eq.
765 4331 835 4402 669.

178 4442 195 4495 7
305 4461 338 4523 p.
361 4433 422 4506 12:
457 4436 496 4500 de
525 4436 688 4522 particulis
717 4432 791 4520 ἄρα
813 4444 844 4500 et
867 4426 938 4520 ἆρα
958 4439 1140 4523 promiscue
1168 4438 1281 4523 positis
1304 4440 1346 4508 cf.

221 4541 317 4605 etiam
339 4539 376 4607 Ε.
398 4534 461 4604 458
485 4561 553 4623 sqq.
584 4538 655 4620 (ubi
684 4539 744 4603 sibi
766 4538 964 4623 respondent
985 4537 1048 4606 458
1070 4534 1147 4624 ἄρα,
1180 4535 1244 4606 460
1273 4536 1347 4626 ἄρα,

219 4639 283 4708 462
307 4632 390 4726 ἄρα).
420 4639 460 4708 V.
482 4635 556 4709 839.
581 4637 674 4708 1091.
698 4641 733 4708 Ρ.
753 4636 826 4707 892.
851 4637 934 4706 1240
956 4639 1001 4725 (v.
1023 4641 1129 4709 Richt.
1150 4641 1226 4711 adn.
1251 4644 1348 4728 crit).

219 4745 281 4812 Av.
305 4740 398 4812 1530.
421 4742 524 4811 Dobr.
546 4742 588 4806 ad
609 4741 648 4811 V.
670 4737 733 4808 217
757 4741 854 4828 (adv.
877 4740 919 4809 II.
940 4765 973 4828 p.
996 4740 1081 4828 196).
