2956 5340
680 758 743 831 147

152 949 211 1022 848
231 951 274 1017 ad
295 948 374 1035 847,
397 950 500 1020 schol.
523 949 588 1019 443
609 952 773 1017 Puteanus
796 950 893 1016 habet
914 951 956 1017 ad
975 947 1056 1034 447,
1077 949 1175 1016 schoi.
1199 945 1283 1017 1038

153 1065 233 1124 recte
255 1055 298 1120 ad
322 1048 405 1122 1039
427 1054 566 1120 refertur
585 1055 618 1119 in
633 1054 717 1135 Pet,
740 1053 841 1122 schol.
865 1050 949 1120 1125
970 1055 1132 1139 pertinere
1153 1053 1283 1118 videtur

153 1158 194 1224 ad
215 1153 301 1224 1124
331 1158 551 1243 (v.l'⁴1nger.)‚
582 1155 682 1221 schol.
704 1151 785 1221 1131
811 1154 852 1219 ad
875 1151 959 1221 1135
985 1155 1189 1220 referendum
1212 1177 1283 1220 esse

153 1262 269 1348 optime
291 1260 460 1348 perspexit
473 1259 572 1326 Mein.
596 1264 639 1338 (v.
657 1256 797 1342 Vindp.
815 1252 907 1338 137),
933 1257 1072 1343 denique
1096 1257 1197 1327 schol.
1220 1256 1282 1325 Th.

152 1360 213 1428 397
235 1364 279 1429 ad
302 1359 368 1428 390
388 1384 452 1448 sq.,
483 1356 548 1427 565
569 1359 614 1424 ad·
633 1355 698 1426 559
726 1359 885 1444 pertinere
915 1359 1175 1424 demonstrarunt
1201 1359 1283 1424 illud

153 1465 289 1549 Eugen,
316 1464 378 1528 hoc
400 1462 557 1530 Fritzsch.
611 1459 745 1547 [Oblata
766 1461 934 1524 occasione
957 1461 1073 1526 dooere
1099 1461 1196 1526 liceat
1218 1484 1282 1548 quo

154 1575 275 1653 spectet
296 1563 395 1631 schol.
417 1563 498 1632 Rev.
521 1563 558 1627 L.
579 1559 659 1629 493:
681 1563 789 1645 διχῶς,
811 1560 890 1645 δμῑν
912 1603 953 1611 -
974 1562 1079 1645 „haec
1099 1585 1165 1627 non
1187 1562 1282 1628 video

155 1690 218 1756 quo
247 1668 454 1755 pertineant“
478 1665 641 1748 Dtibner.,
674 1687 849 1751 „quorsum
872 1665 934 1730 hoc
955 1666 1035 1730 velit
1061 1674 1205 1751 spectare
1227 1664 1283 1729 ob-

156 1792 282 1834 scurum
313 1771 382 1833 est“
409 1766 530 1851 Enger.
565 1768 634 1854 (qui
666 1787 837 1852 perperam
870 1769 1020 1854 apposuit
1052 1767 1094 1831 ad
1128 1791 1159 1832 v.
1188 1761 1282 1849 492):

158 1880 281 1959 spectat
302 1870 344 1936 ad
366 1890 437 1940 voc.
460 1865 538 1935 αύτό
559 1867 898 1956 (praetermissionem
923 1863 1000 1934 αύιό
1025 1891 1059 1934 sc
1091 1865 1283 1955 adorietur),

155 1997 213 2062 pro
236 1995 300 2060 quo
330 1973 429 2036 etiam
449 1964 527 2052 ὑμῖν
550 1969 650 2058 (ἡμεῖς
676 1968 889 2052 ταμιεύσομεν
910 1965 999 2054 ύμῖν)
1026 1981 1062 2035 ut
1082 1994 1112 2038 v.
1135 1968 1214 2042 495:
1245 1967 1283 2035 ού

155 2079 205 2143 καὶ
227 2071 342 2141 τᾶνδον
362 2072 509 2160 χρήματα
523 2073 650 2144 πάνιιος
672 2068 761 2157 ἡμεῖς
775 2071 963 2155 ταμιεύομεν
983 2072 1073 2156 ύμῖν,
1095 2073 1284 2159 praebuisse

157 2177 249 2245 codd.
273 2176 449 2241 nonnullos
470 2184 605 2240 testatur
627 2173 728 2244 schol.
744 2173 827 2243 Adv.
843 2178 937 2255 διχῶς
959 2178 1044 2240 enirn
1069 2174 1284 2262 discrepantia

158 2283 335 2367 scripturae
358 2276 496 2341 indicari
520 2275 603 2341 solet
623 2299 643 2341 a
663 2273 795 2343 scholtz
822 2275 862 2343 cf.
886 2277 927 2340 ad
949 2277 1010 2364 Eq.
1035 2273 1127 2344 1285.
1150 2277 1186 2341 P.
1209 2273 1283 2342 126.

155 2382 195 2452 L.
216 2379 289 2449 774.
312 2376 406 2446 1300.
428 2378 488 2447 Th.
512 2375 605 2444 1051.
629 2375 736 2465 11761.
759 2414 796 2424 -
822 2379 971 2464 Denique
992 2381 1118 2444 tertio
1143 2378 1285 2465 quodam

158 2483 226 2549 loeo
251 2484 291 2550 V.
314 2477 434 2561 1218,
466 2480 522 2545 ubi
544 2502 642 2566 quum
667 2478 843 2565 Bdelycleo
869 2482 1051 2545 convivium
1076 2482 1285 2546 mentitioium

158 2584 340 2651 describens
361 2582 464 2650 dicat:
488 2577 573 2667 ὕδωρ
590 2578 669 2647 κατὰ
684 2581 809 2664 χειρός·
832 2581 889 2654 τὰς
909 2583 1062 2669 τραπέζας
1083 2582 1260 2666 εἰσφέρειν·
1278 2583 1283 2669 Ι

158 2687 365 2768 δειπνοῦμεν·
383 2676 636 2767 ἀπονενίμμεθ’·
653 2679 715 2769 ἤδη
726 2686 919 2766 σπένδομεν,
939 2692 1032 2770 pater
1043 2707 1138 2771 quem
1150 2686 1286 2750 instituit

157 2789 240 2853 filius
255 2788 432 2853 orationem
446 2786 650 2872 interrumpit
662 2785 712 2850 his
726 2785 849 2852 verbis:
866 2780 948 2871 πρὸς
959 2788 1023 2851 τῶν
1035 2787 1123 2852 θεῶν
1134 2784 1286 2853 ἐνύπνιον

159 2888 353 2972 ἑστιώμεθα,
384 2912 464 2975 „per
492 2889 568 2953 deos
597 2888 747 2969 obsecro,
778 2911 855 2952 num
887 2887 1055 2974 epulamur
1079 2888 1284 2953 somnium?“

158 2992 211 3077 (cf.
225 2987 374 3060 Av.132:
395 2988 644 3073 stercorantem,
669 2993 766 3077 sim),
789 2990 877 3056 solus
892 2990 998 3071 Mein,
1022 2991 1157 3056 fortasse
1178 3000 1285 3056 tamen

159 3096 275 3159 invitus
297 3094 388 3177 signo
411 3094 671 3177 interrogationis
694 3094 812 3157 omisso
836 3090 1034 3158 enuntiatum
1057 3094 1285 3159 affirmativum

159 3195 306 3276 reddidit,
331 3194 424 3280 eujus
439 3195 622 3259 mutationis
646 3217 775 3281 prorsus
790 3195 881 3260 nulla
903 3205 952 3261 est
972 3217 1080 3277 causa,
1104 3199 1163 3260 etsi
1187 3197 1286 3264 schol.

161 3320 254 3384 quum
275 3295 375 3364 dicat:
399 3292 452 3361 ὅτι
476 3296 599 3381 εἴρηται
617 3300 677 3378 μὲν
698 3292 738 3362 τὰ
759 3295 794 3362 ἐν
817 3302 1002 3384 συμποσίῳ,
1024 3295 1061 3361 ού
1079 3295 1143 3384 μὴν
1164 3303 1286 3384 γεγένη-

159 3421 226 3475 ναι,
249 3393 291 3471 ὥς
313 3394 442 3482 ὄνειρόν
462 3416 596 3485 φησιν
616 3397 778 3480 ἑορακέναι
798 3398 853 3483 (cf.
877 3399 914 3467 R.
936 3397 974 3465 51
1002 3420 1030 3463 c.
1052 3399 1186 3484 schot),
1215 3402 1285 3485 ipse

161 3521 285 3587 quoque
313 3499 414 3564 verba
435 3507 550 3585 poetae
572 3521 630 3585 pro
659 3501 869 3565 affirmatione
896 3502 1023 3565 videtur
1044 3503 1216 3586 accepisse.
1242 3537 1285 3548 —

159 3600 228 3666 Jam
247 3603 343 3688 igitur
356 3610 491 3688 apparet
506 3604 563 3668 Ar.
578 3600 760 3687 hujusmodi
776 3603 929 3667 formulas
945 3625 1009 3667 non
1032 3625 1203 3688 usurpasse
1222 3604 1285 3667 nisi

160 3705 203 3769 ita
223 3711 259 3770 ut
287 3705 350 3769 sint
374 3702 653 3789 postulantis
676 3727 701 3772 s.
722 3706 902 3769 vetantis
922 3715 978 3768 aut
999 3706 1285 3788 interrogantis

160 3807 298 3891 (servata
320 3806 450 3892 propria
472 3826 583 3890 praep.
594 3803 679 3891 πρός
694 3806 944 3891 significatione
965 3807 1005 3871 cf.
1017 3807 1119 3890 Krtig.
1133 3813 1157 3872 I.
1170 3805 1221 3876 68.
1233 3804 1286 3873 37.

161 3930 190 3977 n.
212 3905 250 3978 2:
272 3908 353 3990 „das
373 3906 516 3971 Erflehte
539 3906 619 3970 wird
642 3907 812 3991 eigentlieh
834 3907 881 3971 als
903 3910 955 3971 ein
976 3931 1040 3972 von
1064 3906 1128 3972 den
1149 3907 1286 3971 Gottern

161 4033 200 4075 zu
218 4009 602 4075 Veranlassendes
625 4009 858 4094 vorgeste11t“),
882 4032 1041 4097 nusquam
1063 4009 1232 4074 admisisse
1253 4011 1286 4071 in

162 4114 330 4191 enuntiatis
364 4111 660 4176 affirmativis
693 4110 745 4174 vel
784 4112 1053 4194 negantibus
1089 4114 1136 4193 (in
1169 4112 1286 4197 quibus

161 4216 248 4280 vides
270 4211 424 4279 formulas
447 4209 679 4294 κατωμοτικάςι
701 4210 740 4297 νὴ
762 4206 834 4282 τοὺς
858 4211 956 4286 θεούς
978 4216 1060 4295 sIm.‚
1082 4215 1134 4280 ναὶ
1155 4209 1200 4295 μὰ
1223 4219 1288 4278 Δία

163 4314 203 4403 [p.
226 4313 268 4383 63
290 4314 371 4403 sq.]‚
402 4307 626 4397 ἀπωμοτικάς.·
648 4310 693 4397 μὰ
717 4313 789 4385 τοὺς
810 4313 907 4387 θεούς
929 4317 997 4385 sim.
1024 4317 1071 4403 [p.
1093 4311 1177 4404 62]),
1200 4316 1287 4401 quod

162 4419 244 4484 idem
266 4419 308 4484 ab
333 4417 565 4481 oratoribus
584 4418 699 4480 Atticis
722 4415 864 4480 alienum
887 4416 1015 4482 videtur
1035 4418 1224 4504 (Frohberg.
1245 4418 1287 4482 ad

161 4519 232 4607 Lys.
261 4521 355 4589 XIII.
382 4516 440 4588 95:
472 4517 765 4602 „Schwurformeln
798 4519 856 4582 mit
887 4521 972 4605 πρός
1002 4521 1113 4586 stehen
1146 4520 1198 4585 bei
1225 4521 1289 4586 den

163 4622 313 4689 Rednern
333 4622 395 4686 wol
415 4645 475 4686 nur
498 4625 532 4684 in
554 4623 673 4705 Frage·
695 4620 761 4685 und
783 4622 1075 4705 Befehlssittzen“)‚
1103 4627 1222 4709 pariter
1243 4634 1289 4690 at·

163 4748 222 4815 que
243 4751 264 4793 a
287 4728 400 4793 ceteris
421 4726 608 4806 comicis,
632 4724 693 4787 nisi
714 4724 800 4810 quod
824 4724 973 4797 Phereor.
984 4732 1024 4795 H.
1036 4724 1100 4794 270
1120 4726 1218 4799 dixit:
1237 4728 1291 4794 καὶ

1033 4848 1084 4906 101
